{
  "leader": "03239cam a22004451i 4500",
  "fields": [
    {
      "001": "ocm02400111\\"
    },
    {
      "003": "OCoLC"
    },
    {
      "005": "20220104150021.0"
    },
    {
      "008": "820221s1959\\\\\\\\nyua\\\\\\\\\\b\\\\\\\\100\\0\\eng\\\\"
    },
    {
      "010": {
        "ind1": "\\",
        "ind2": "\\",
        "subfields": [
          {
            "a": "   58009444 "
          }
        ]
      }
    },
    {
      "040": {
        "ind1": "\\",
        "ind2": "\\",
        "subfields": [
          {
            "a": "NLM"
          },
          {
            "b": "eng"
          },
          {
            "c": "NLM"
          },
          {
            "d": "CGU"
          },
          {
            "d": "DLC"
          },
          {
            "d": "UKM"
          },
          {
            "d": "LAS"
          },
          {
            "d": "BTCTA"
          },
          {
            "d": "CGC"
          },
          {
            "d": "GBVCP"
          },
          {
            "d": "OCLCF"
          },
          {
            "d": "EUW"
          },
          {
            "d": "OCLCO"
          },
          {
            "d": "OCLCQ"
          },
          {
            "d": "OCLCO"
          },
          {
            "d": "OCLCA"
          },
          {
            "d": "OCLCQ"
          },
          {
            "d": "NLM"
          },
          {
            "d": "OCLCO"
          },
          {
            "d": "OCLCA"
          },
          {
            "d": "UKMGB"
          },
          {
            "d": "OCLCO"
          },
          {
            "d": "OCLCA"
          },
          {
            "d": "IL4J6"
          },
          {
            "d": "OCLCO"
          }
        ]
      }
    },
    {
      "015": {
        "ind1": "\\",
        "ind2": "\\",
        "subfields": [
          {
            "a": "GB5909740"
          },
          {
            "2": "bnb"
          }
        ]
      }
    },
    {
      "016": {
        "ind1": "7",
        "ind2": "\\",
        "subfields": [
          {
            "a": "24720230R"
          },
          {
            "2": "DNLM"
          }
        ]
      }
    },
    {
      "016": {
        "ind1": "7",
        "ind2": "\\",
        "subfields": [
          {
            "a": "010925737"
          },
          {
            "2": "Uk"
          }
        ]
      }
    },
    {
      "019": {
        "ind1": "\\",
        "ind2": "\\",
        "subfields": [
          {
            "a": "14611911"
          },
          {
            "a": "1152707636"
          },
          {
            "a": "1229218199"
          },
          {
            "a": "1275596143"
          },
          {
            "a": "1276703515"
          }
        ]
      }
    },
    {
      "035": {
        "ind1": "\\",
        "ind2": "\\",
        "subfields": [
          {
            "a": "(OCoLC)2400111"
          },
          {
            "z": "(OCoLC)14611911"
          },
          {
            "z": "(OCoLC)1152707636"
          },
          {
            "z": "(OCoLC)1229218199"
          },
          {
            "z": "(OCoLC)1275596143"
          },
          {
            "z": "(OCoLC)1276703515"
          }
        ]
      }
    },
    {
      "050": {
        "ind1": "0",
        "ind2": "0",
        "subfields": [
          {
            "a": "QP21"
          },
          {
            "b": ".N4"
          }
        ]
      }
    },
    {
      "060": {
        "ind1": "0",
        "ind2": "0",
        "subfields": [
          {
            "a": "W3"
          },
          {
            "b": "NE968 1959"
          }
        ]
      }
    },
    {
      "082": {
        "ind1": "0",
        "ind2": "0",
        "subfields": [
          {
            "a": "612.09"
          },
          {
            "b": "DOW"
          }
        ]
      }
    },
    {
      "110": {
        "ind1": "2",
        "ind2": "\\",
        "subfields": [
          {
            "a": "Downstate Medical Center (N.Y.)"
          }
        ]
      }
    },
    {
      "245": {
        "ind1": "1",
        "ind2": "4",
        "subfields": [
          {
            "a": "The historical development of physiological thought :"
          },
          {
            "b": "a symposium held at the State University of New York, Downstate Medical Center /"
          },
          {
            "c": "Ed. by Chandler McC. Brooks and Paul F. Cranefield."
          }
        ]
      }
    },
    {
      "260": {
        "ind1": "\\",
        "ind2": "\\",
        "subfields": [
          {
            "a": "New York :"
          },
          {
            "b": "Hafner,"
          },
          {
            "c": "1959."
          }
        ]
      }
    },
    {
      "300": {
        "ind1": "\\",
        "ind2": "\\",
        "subfields": [
          {
            "a": "xiii, 401 pages :"
          },
          {
            "b": "illustrations ;"
          },
          {
            "c": "24 cm"
          }
        ]
      }
    },
    {
      "336": {
        "ind1": "\\",
        "ind2": "\\",
        "subfields": [
          {
            "a": "text"
          },
          {
            "b": "txt"
          },
          {
            "2": "rdacontent"
          }
        ]
      }
    },
    {
      "337": {
        "ind1": "\\",
        "ind2": "\\",
        "subfields": [
          {
            "a": "unmediated"
          },
          {
            "b": "n"
          },
          {
            "2": "rdamedia"
          }
        ]
      }
    },
    {
      "338": {
        "ind1": "\\",
        "ind2": "\\",
        "subfields": [
          {
            "a": "volume"
          },
          {
            "b": "nc"
          },
          {
            "2": "rdacarrier"
          }
        ]
      }
    },
    {
      "504": {
        "ind1": "\\",
        "ind2": "\\",
        "subfields": [
          {
            "a": "Includes bibliographical references."
          }
        ]
      }
    },
    {
      "505": {
        "ind1": "0",
        "ind2": "0",
        "subfields": [
          {
            "t": "The dependence of medicine upon basic scientific thought /"
          },
          {
            "r": "Owsei Temkin --"
          },
          {
            "t": "Anatomical reasoning in physiological thought /"
          },
          {
            "r": "Lloyd G. Stevenson --"
          },
          {
            "t": "The development of ideas on the synapse /"
          },
          {
            "r": "John Eccles --"
          },
          {
            "t": "Historical reflections on the backgrounds of neurophysiology /"
          },
          {
            "r": "John F. Fulton --"
          },
          {
            "t": "Development of ideas relating the mind with the brain /"
          },
          {
            "r": "Horace W. Magoun --"
          },
          {
            "t": "The biology of consciousness /"
          },
          {
            "r": "Homer W. Smith --"
          },
          {
            "t": "The dynamic process in psychiatry /"
          },
          {
            "r": "Gregory Zilboorg --"
          },
          {
            "t": "The development of knowledge about the cardiovascular system /"
          },
          {
            "r": "Chauncey D. Leake --"
          },
          {
            "t": "Discovery of the function of chemical mediators in the transmission of excitation and inhibition to effector tissues /"
          },
          {
            "r": "Chandler McC. Brooks and Harold A. Levey --"
          },
          {
            "t": "The conservation of energy and the study of metabolism /"
          },
          {
            "r": "George Rosen --"
          },
          {
            "t": "Modern concepts on biological adaptation /"
          },
          {
            "r": "Ludwig von Bertalanfly --"
          },
          {
            "t": "Physiology and the recurrent problem of vitalism /"
          },
          {
            "r": "Iago Galdston --"
          },
          {
            "t": "What keeps men alive? /"
          },
          {
            "r": "Bruno Kisch --"
          },
          {
            "t": "The contribution of pharmacodynamics and pharmacology to basic physiological thought /"
          },
          {
            "r": "Alfred Gilman --"
          },
          {
            "t": "Towards a philosophical study of the idea of disease /"
          },
          {
            "r": "L.J. Rather."
          }
        ]
      }
    },
    {
      "650": {
        "ind1": "\\",
        "ind2": "0",
        "subfields": [
          {
            "a": "Physiology"
          },
          {
            "x": "History."
          }
        ]
      }
    },
    {
      "650": {
        "ind1": "\\",
        "ind2": "0",
        "subfields": [
          {
            "a": "Physiology."
          }
        ]
      }
    },
    {
      "650": {
        "ind1": "\\",
        "ind2": "7",
        "subfields": [
          {
            "a": "Physiology."
          },
          {
            "2": "fast"
          },
          {
            "0": "(OCoLC)fst01063177"
          }
        ]
      }
    },
    {
      "650": {
        "ind1": "\\",
        "ind2": "2",
        "subfields": [
          {
            "a": "Physiology."
          },
          {
            "0": "https://id.nlm.nih.gov/mesh/D010827"
          }
        ]
      }
    },
    {
      "655": {
        "ind1": "\\",
        "ind2": "7",
        "subfields": [
          {
            "a": "History."
          },
          {
            "2": "fast"
          },
          {
            "0": "(OCoLC)fst01411628"
          }
        ]
      }
    },
    {
      "655": {
        "ind1": "\\",
        "ind2": "2",
        "subfields": [
          {
            "a": "Congress."
          },
          {
            "0": "https://id.nlm.nih.gov/mesh/D016423"
          }
        ]
      }
    },
    {
      "700": {
        "ind1": "1",
        "ind2": "\\",
        "subfields": [
          {
            "a": "Brooks, Chandler McC."
          }
        ]
      }
    },
    {
      "776": {
        "ind1": "0",
        "ind2": "8",
        "subfields": [
          {
            "i": "Online version:"
          },
          {
            "a": "State University of New York. Downstate Medical Center."
          },
          {
            "t": "Historical development of physiological thought."
          },
          {
            "d": "New York, Hafner, 1959"
          },
          {
            "w": "(OCoLC)598678981"
          }
        ]
      }
    },
    {
      "776": {
        "ind1": "0",
        "ind2": "8",
        "subfields": [
          {
            "i": "Online version:"
          },
          {
            "a": "State University of New York. Downstate Medical Center."
          },
          {
            "t": "Historical development of physiological thought."
          },
          {
            "d": "New York, Hafner, 1959"
          },
          {
            "w": "(OCoLC)605490784"
          }
        ]
      }
    },
    {
      "994": {
        "ind1": "\\",
        "ind2": "\\",
        "subfields": [
          {
            "a": "Z0"
          },
          {
            "b": "NYRVC"
          }
        ]
      }
    },
    {
      "948": {
        "ind1": "\\",
        "ind2": "\\",
        "subfields": [
          {
            "h": "NO HOLDINGS IN NYRVC - 347 OTHER HOLDINGS"
          }
        ]
      }
    },
    {
      "999": {
        "ind1": "\\",
        "ind2": "\\",
        "subfields": [
          {
            "a": "00000000012260"
          }
        ]
      }
    }
  ]
}